@book{Hatcher_2001, 
    place={New York, NY}, 
    title={Algebraic topology}, 
    publisher={Cambridge University Press}, 
    author={Hatcher, Allen}, 
    year={2001}
} 

@book{Munkres_1984,
    place={Redwood City, California i pozosta≈Çe, CA},
    title={Elements of algebraic topology},
    publisher={Addison-Wesley Publishing Company}, 
    author={Munkres, James R.},
    year={1984}
} 

@misc{Nanda_2021, 
    place={Oxford}, 
    title={Computational Algebraic Topology Lecture Notes},
    publisher={Vidit Nanda}, 
    author={Nanda, Vidit}, 
    year={2021}, 
    month={Mar},
    url = {https://people.maths.ox.ac.uk/nanda/cat/TDANotes.pdf}
}
