@book{Hatcher_2001, 
    place={New York, NY}, 
    title={Algebraic topology}, 
    publisher={Cambridge University Press}, 
    author={Hatcher, Allen}, 
    year={2001}
} 

@book{Munkres_1984,
    place={Redwood City, California i pozostałe, CA},
    title={Elements of algebraic topology},
    publisher={Addison-Wesley Publishing Company}, 
    author={Munkres, James R.},
    year={1984}
} 

@misc{Nanda_2021, 
    place={Oxford}, 
    title={Computational Algebraic Topology Lecture Notes},
    publisher={Vidit Nanda}, 
    author={Nanda, Vidit}, 
    year={2021}, 
    month={Mar},
    note="url{https://people.maths.ox.ac.uk/nanda/cat/TDANotes.pdf}"
}

@misc{STL_info,
	note="\url{https://www.adobe.com/creativecloud/file-types/image/vector/stl-file.html}",
	title={STL files explained | Learn about the STL file format},
	author={Adobe}
} 

@book{tetgen, 
	note="\url{https://wias-berlin.de/software/tetgen/1.5/doc/manual/index.html}",
	title={TetGen, version 1.5, user’s Manual},
	publisher={Weierstrass Institute},
	author={Si, Hang},
	year={2013}
	} 
